%% This BibTeX bibliography file was created using BibDesk.
%% https://bibdesk.sourceforge.io/

%% Created for Ekaterina Vassilieva at 2020-11-30 20:05:11 +0100 


%% Saved with string encoding Unicode (UTF-8) 



@misc{GriRei20,
	Author = {Grinberg, D. and Reiner, V.},
	Date-Added = {2020-10-15 11:15:43 +0200},
	Date-Modified = {2020-10-15 11:20:01 +0200},
	Note = {arXiv:1409.8356v7},
	Title = {{H}opf Algebras in Combinatorics},
	Url = {http://www.cip.ifi.lmu.de/~grinberg/algebra/HopfComb-sols.pdf},
	Year = {2020},
	Bdsk-Url-1 = {http://www.cip.ifi.lmu.de/~grinberg/algebra/HopfComb-sols.pdf}}

@misc{Gri20,
	Author = {Grinberg, D.},
	Date-Added = {2020-10-15 11:12:11 +0200},
	Date-Modified = {2020-10-15 11:13:44 +0200},
	Month = {April},
	Title = {The eta-basis of {QS}ym},
	Url = {http://www.cip.ifi.lmu.de/~grinberg/algebra/etabasis.pdf},
	Year = {2020},
	Bdsk-Url-1 = {http://www.cip.ifi.lmu.de/~grinberg/algebra/etabasis.pdf}}

@book{Sta18,
	Author = {Stanley, R.},
	Date-Added = {2020-10-15 11:10:24 +0200},
	Date-Modified = {2020-10-15 11:11:18 +0200},
	Edition = {2},
	Publisher = {Springer},
	Title = {Algebraic Combinatorics: Walks, Trees, Tableaux, and More},
	Year = {2018}}

@article{Gri17,
	Author = {Grinberg, D.},
	Date-Added = {2020-10-15 11:08:15 +0200},
	Date-Modified = {2020-10-15 11:09:18 +0200},
	Journal = {The Electronic Journal of Combinatorics},
	Number = {2},
	Pages = {P22},
	Title = {Double posets and the antipode of QSym},
	Volume = {24},
	Year = {2017}}

@unpublished{Hsi07,
	Author = {Hsiao, S. K.},
	Date-Added = {2020-10-15 11:01:51 +0200},
	Date-Modified = {2020-10-15 11:06:48 +0200},
	Title = {Structure of the peak Hopf algebra of quasisymmetric functions},
	Year = {2007}}

@article{AguBerSot06,
	Author = {Aguiar, M. and Bergeron, N. and Sottile, F.},
	Date-Added = {2020-10-15 10:54:34 +0200},
	Date-Modified = {2020-10-15 11:00:39 +0200},
	Journal = {Compos. Math.},
	Number = {1},
	Pages = {1--30},
	Title = {Combinatorial Hopf algebras and generalized Dehn-Sommerville relations},
	Volume = {142},
	Year = {2006}}

@article{Gri18,
	Author = {Grinberg, D.},
	Date-Added = {2020-08-03 13:07:48 +0200},
	Date-Modified = {2020-08-03 13:09:20 +0200},
	Journal = {Electronic Journal of Combinatorics},
	Number = {4},
	Pages = {P4.17},
	Title = {Shuffle-compatible permutation statistics II: the exterior peak set},
	Volume = {25},
	Year = {2018}}

@article{Ste97,
	Author = {Stembridge, J.},
	Date-Added = {2020-07-31 18:45:46 +0200},
	Date-Modified = {2020-07-31 18:47:28 +0200},
	Journal = {Trans. Amer. Math. Soc.},
	Number = {2},
	Pages = {763--788},
	Title = {Enriched $P$-partitions.},
	Volume = {349},
	Year = {1997}}

@article{Sta82,
	Author = {Stanley, R.},
	Date-Added = {2020-04-22 21:50:27 +0200},
	Date-Modified = {2020-04-22 21:51:27 +0200},
	Journal = {Journal of Comb. Theory, Series A},
	Pages = {132--161},
	Title = {Some Aspects of Groups Acting on Finite Posets},
	Volume = {32},
	Year = {1982}}

@article{Sch61,
	Author = {Schensted, C.},
	Date-Added = {2020-04-22 14:23:56 +0200},
	Date-Modified = {2020-04-22 14:24:58 +0200},
	Journal = {Canadian Journal of Mathematics},
	Pages = {179--191},
	Title = {Longest increasing and decreasing subsequences},
	Volume = {13},
	Year = {1961}}

@article{Rob38,
	Author = {Robinson, G. de B.},
	Date-Added = {2020-04-22 14:22:52 +0200},
	Date-Modified = {2020-04-22 14:23:50 +0200},
	Journal = {American Journal of Mathematics},
	Number = {3},
	Pages = {745--760},
	Title = {On the Representations of the Symmetric Group},
	Volume = {60},
	Year = {1938}}

@article{Lit51,
	Author = {Littlewood, D.E.},
	Date-Added = {2020-04-22 14:04:58 +0200},
	Date-Modified = {2020-04-22 14:06:06 +0200},
	Journal = {Proc. Royal Soc. London Ser. A},
	Pages = {333--353},
	Title = {Modular representations of symmetric groups},
	Volume = {209},
	Year = {1951}}

@article{Lee96,
	Author = {M. A. A. van Leeuwen},
	Date-Added = {2020-03-28 14:57:08 +0100},
	Date-Modified = {2020-03-28 14:57:08 +0100},
	Journal = {The Electronic Journal of Combinatorics},
	Number = {2},
	Pages = {R15},
	Title = {The {R}obinson-{S}chensted and {S}ch{\"u}tzenberger algorithms, an elementary approach},
	Volume = {3},
	Year = {1996}}

@article{StaWhi85,
	Author = {D. Stanton and D. White},
	Date-Added = {2020-03-28 14:57:08 +0100},
	Date-Modified = {2020-03-28 14:57:08 +0100},
	Journal = {Journal of Combinatorial Theory, Series A},
	Pages = {211--247},
	Title = {A {S}chensted Algorithm for Rim Hook Tableaux},
	Volume = {40},
	Year = {1985}}

@article{Gar90,
	Author = {D. Garfinkle},
	Date-Added = {2020-03-28 14:54:31 +0100},
	Date-Modified = {2020-03-28 14:54:31 +0100},
	Journal = {Compositio Mathematica},
	Number = {2},
	Pages = {135--169},
	Title = {On the classification of primitive ideals for complex classical {L}ie algebras, {I}},
	Volume = {75},
	Year = {1990}}

@article{Gar92,
	Author = {D. Garfinkle},
	Date-Added = {2020-03-28 14:54:31 +0100},
	Date-Modified = {2020-03-28 14:54:31 +0100},
	Journal = {Compositio Mathematica},
	Number = {3},
	Pages = {307--336},
	Title = {On the classification of primitive ideals for complex classical {L}ie algebras, {II}},
	Volume = {81},
	Year = {1992}}

@article{Gar93,
	Author = {D. Garfinkle},
	Date-Added = {2020-03-28 14:54:31 +0100},
	Date-Modified = {2020-03-28 14:54:31 +0100},
	Journal = {Compositio Mathematica},
	Number = {2},
	Pages = {187--234},
	Title = {On the classification of primitive ideals for complex classical {L}ie algebras, {III}},
	Volume = {88},
	Year = {1993}}

@article{MayVas19_2,
	Author = {Mayorova, A.R. and Vassilieva, E.A.},
	Date-Added = {2020-03-28 14:50:13 +0100},
	Date-Modified = {2020-03-28 14:51:28 +0100},
	Journal = {Discrete Mathematics},
	Number = {6},
	Pages = {1658--1673},
	Title = {A new link between the descent algebra of type B, domino tableaux and Chow's quasisymmetric functions},
	Volume = {342},
	Year = {2019}}

@article{MayVas17,
	Author = {Mayorova, A.R. and Vassilieva, E.A.},
	Date-Added = {2019-11-20 20:17:08 +0000},
	Date-Modified = {2019-11-20 20:17:08 +0000},
	Journal = {Electronic Notes in Discrete Mathematics},
	Pages = {847--853},
	Title = {On the structure constants of the descent algebra of the hyperoctahedral group},
	Volume = {61},
	Year = {2017}}

@article{Li18,
	Author = {Li, Y.},
	Date-Added = {2019-11-19 19:50:46 +0000},
	Date-Modified = {2019-11-19 19:52:05 +0000},
	Journal = {Journal of Comb. Theory, Series A},
	Month = {August},
	Pages = {449--491},
	Title = {On weak peak quasisymmetric functions},
	Volume = {158},
	Year = {2018}}

@article{GuoYuThi19,
	Author = {Yu, H. and Guo, L. and Thibon, J.Y.},
	Date-Added = {2019-11-19 19:46:18 +0000},
	Date-Modified = {2019-11-19 19:49:53 +0000},
	Journal = {Advances in mathematics},
	Month = {February},
	Pages = {1--34},
	Title = {Weak quasi-symmetric functions, {R}ota--{B}axter algebras and {H}opf algebras},
	Volume = {344},
	Year = {2019}}

@article{GuoYuZha17,
	Author = {Guo, L. and Yu, H. and Zhao, J.},
	Date-Added = {2019-11-19 19:34:31 +0000},
	Date-Modified = {2019-11-19 19:44:40 +0000},
	Journal = {The Ramanujan Journal},
	Month = {December},
	Number = {3},
	Pages = {567--596},
	Title = {{R}ota--{B}axter algebras and left weak composition quasi-symmetric functions},
	Volume = {44},
	Year = {2017}}

@article{Foa05,
	Author = {Foata, D. and Han, G. N.},
	Date-Added = {2018-11-15 14:16:53 +0000},
	Date-Modified = {2019-03-31 21:20:58 +0000},
	Journal = {Proceedings of the Am. Math. Society},
	Number = {1},
	Pages = {31--40},
	Title = {Signed words and permutations, I; A fundamental transformation},
	Volume = {135},
	Year = {2007}}

@article{MayVas18,
	Author = {Mayorova, A.R. and Vassilieva, E.A.},
	Date-Added = {2018-11-14 18:59:14 +0000},
	Date-Modified = {2019-03-31 21:22:11 +0000},
	Journal = {Permutation Patterns 2018},
	Pages = {174--181},
	Title = {A domino tableau-based view on type B Schur-positivity},
	Year = {2018}}

@article{LasLecThi95,
	Author = {Lascoux, A. and Leclerc, B. and Thibon, J.Y.},
	Date-Added = {2018-11-14 18:47:22 +0000},
	Date-Modified = {2019-03-31 21:22:01 +0000},
	Journal = {Journal of Mathematical Physics},
	Number = {2},
	Pages = {1041--1068},
	Title = {Ribbon tableaux, Hall-Littlewood functions, quantum affine algebras and unipotent varieties},
	Volume = {38},
	Year = {1996}}

@webpage{Lam06,
	Author = {Lam, T.},
	Date-Added = {2018-11-14 18:46:20 +0000},
	Date-Modified = {2019-03-31 20:35:26 +0000},
	Title = {On Sjostrand's skew sign-imbalance identity},
	Url = {https://arxiv.org/abs/math/0607516},
	Year = {2006},
	Bdsk-Url-1 = {https://arxiv.org/abs/math/0607516}}

@article{MayVas19,
	Author = {Mayorova, A.R. and Vassilieva, E.A.},
	Date-Added = {2018-03-26 21:33:41 +0000},
	Date-Modified = {2019-11-20 20:20:50 +0000},
	Journal = {S{\'e}minaire Lotharingien de Combinatoire},
	Number = {87},
	Title = {A $q$-deformed type B Cauchy identity and Chow's quasisymmetric functions},
	Volume = {82B},
	Year = {2019}}

@article{EliRoi15,
	Author = {Elizalde, S. and Roichman, Y.},
	Date-Added = {2018-03-26 21:31:37 +0000},
	Date-Modified = {2019-03-31 20:33:19 +0000},
	Journal = {Journal of Combinatorics},
	Number = {1--2},
	Pages = {205--234},
	Title = {Signed arc permutations},
	Volume = {6},
	Year = {2015}}

@article{EliRoi14,
	Author = {Elizalde, S. and Roichman, Y.},
	Date-Added = {2018-03-26 21:24:20 +0000},
	Date-Modified = {2019-03-31 20:33:06 +0000},
	Journal = {Journal of Algebraic Combinatorics},
	Number = {2},
	Pages = {301--334},
	Title = {Arc permutations},
	Volume = {39},
	Year = {2014}}

@article{EliRoi17,
	Author = {Elizalde, S. and Roichman, Y.},
	Date-Added = {2018-03-26 21:22:21 +0000},
	Date-Modified = {2019-03-31 20:33:31 +0000},
	Journal = {Journal of Algebraic Combinatorics},
	Number = {2},
	Pages = {363--405},
	Title = {Schur-positive sets of permutations via products and grid classes},
	Volume = {45},
	Year = {2017}}

@article{GesReu93,
	Author = {Gessel, I. and Reutenauer, C.},
	Date-Added = {2018-03-26 21:14:39 +0000},
	Date-Modified = {2019-03-31 20:34:36 +0000},
	Journal = {Journal of Comb. Theory, Series A},
	Number = {2},
	Pages = {189--215},
	Title = {Counting permutations with given cycle structure and descent set},
	Volume = {64},
	Year = {1993}}

@article{KirLasLecThi94,
	Author = {Kirillov, A.N. and Lascoux, A. and Leclerc, B. and Thibon, J.Y.},
	Date-Added = {2016-11-11 13:18:04 +0000},
	Date-Modified = {2019-03-31 20:35:10 +0000},
	Journal = {C.R. Acad. Sci. Paris},
	Number = {I},
	Pages = {395--400},
	Title = {S{\'e}ries g{\'e}n{\'e}ratrices pour les tableaux de dominos},
	Volume = {318},
	Year = {1994}}

@article{Poi98,
	Author = {Poirier, S.},
	Date-Added = {2016-11-01 18:54:17 +0000},
	Date-Modified = {2019-03-31 20:37:49 +0000},
	Journal = {Discrete Math.},
	Pages = {315--343},
	Title = {Cycle type and descent set in wreath products},
	Volume = {180},
	Year = {1998}}

@article{Tas12,
	Author = {Ta\c{s}kin, M.},
	Date-Added = {2016-11-01 17:13:00 +0000},
	Date-Modified = {2019-03-31 20:38:54 +0000},
	Journal = {The Electronic Journal of Combinatorics},
	Pages = {P38},
	Title = {Plactic relations for r-domino tableaux},
	Volume = {19},
	Year = {2012}}

@article{BarVog82,
	Author = {Barbash, D. and Vogan, D.},
	Date-Added = {2016-11-01 16:45:51 +0000},
	Date-Modified = {2019-03-31 20:31:57 +0000},
	Journal = {Math. Ann.},
	Pages = {153--199},
	Title = {Primitive ideals and orbital integrals in complex classical groups},
	Volume = {259},
	Year = {1982}}

@article{Knu70,
	Author = {Knuth, D.E.},
	Date-Added = {2016-10-29 22:22:19 +0000},
	Date-Modified = {2019-03-31 20:35:18 +0000},
	Journal = {Pacific J. Math.},
	Pages = {709--727},
	Title = {Permutations, matrices and generalized Young tableaux},
	Volume = {34},
	Year = {1970}}

@article{Pet05,
	Author = {Petersen, T. K.},
	Date-Added = {2016-10-29 10:41:50 +0000},
	Date-Modified = {2019-03-31 20:37:42 +0000},
	Journal = {The Electronic Journal of Combinatorics},
	Pages = {R61},
	Title = {A note on three types of quasisymmetric functions},
	Volume = {12},
	Year = {2005}}

@article{AdiAthEliRoi15,
	Author = {Adin, R.M. and Athanasiadis, C. A. and Elizalde, S. and Roichman, Y.},
	Date-Added = {2016-10-29 10:40:18 +0000},
	Date-Modified = {2019-03-31 20:31:25 +0000},
	Journal = {Advances in Applied Mathematics},
	Pages = {128--169},
	Title = {Character formulas and descents for the hyperoctahedral group},
	Volume = {87},
	Year = {2017},
	Bdsk-Url-1 = {https://arxiv.org/abs/1504.01283}}

@phdthesis{Cho01,
	Author = {Chow, C.O.},
	Date-Added = {2016-10-29 10:39:29 +0000},
	Date-Modified = {2019-03-31 21:20:00 +0000},
	School = {MIT},
	Title = {Noncommutative symmetric functions of type {B}},
	Year = {2001}}

@article{ShiWhi01,
	Author = {Shimozono, M. and White, D.},
	Date-Added = {2016-10-29 10:36:24 +0000},
	Date-Modified = {2019-03-31 20:38:14 +0000},
	Journal = {The Electronic Journal of Combinatorics},
	Pages = {R2},
	Title = {A color-to-spin domino {S}chensted algorithm},
	Volume = {8},
	Year = {2001}}

@article{ShiWhi02,
	Author = {Shimozono, M. and White, D.},
	Date-Added = {2016-10-29 10:35:01 +0000},
	Date-Modified = {2019-03-31 20:38:30 +0000},
	Journal = {Discrete Mathematics},
	Number = {295--316},
	Title = {Color-to-spin ribbon {S}chensted algorithms},
	Volume = {246},
	Year = {2002}}

@article{AveVal12,
	Author = {Avella-Alaminosa, D. and Vallejo, E.},
	Date-Added = {2016-10-29 10:30:39 +0000},
	Date-Modified = {2019-03-31 20:31:42 +0000},
	Journal = {Discrete Mathematics},
	Pages = {1476--1486},
	Title = {Kronecker products and the {R}{S}{K} correspondence},
	Volume = {312},
	Year = {2012}}

@book{Sta01,
	Author = {Stanley, R.},
	Date-Added = {2016-10-29 10:29:21 +0000},
	Date-Modified = {2019-03-31 20:38:46 +0000},
	Publisher = {Cambridge University Press},
	Title = {Enumerative combinatorics},
	Volume = {2},
	Year = {2001}}

@article{BerBer92,
	Author = {Bergeron, F. and Bergeron, N.},
	Date-Added = {2016-10-29 10:27:06 +0000},
	Date-Modified = {2019-03-31 20:32:11 +0000},
	Journal = {Journal of Algebra},
	Number = {1},
	Pages = {86--97},
	Title = {A decomposition of the descent algebra of the hyperoctahedral group},
	Volume = {148},
	Year = {1992}}

@article{Ges84,
	Author = {Gessel, I.},
	Date-Added = {2016-10-29 10:25:44 +0000},
	Date-Modified = {2019-03-31 20:34:43 +0000},
	Journal = {Contemporary Mathematics},
	Pages = {289--317},
	Title = {Multipartite {P}-partitions and inner products of skew {S}chur functions},
	Volume = {34},
	Year = {1984}}

@article{Rem89,
	Author = {Remmel, J.B.},
	Date-Added = {2016-10-29 10:23:58 +0000},
	Date-Modified = {2019-03-31 20:37:59 +0000},
	Journal = {Journal of Algebra},
	Number = {1},
	Pages = {100--118},
	Title = {A formula for the {K}ronecker products of Schur functions of hook shapes},
	Volume = {120},
	Year = {1989}}

@webpage{Bla12,
	Author = {Blasiak, J.},
	Date-Added = {2016-10-29 10:12:44 +0000},
	Date-Modified = {2019-03-31 20:32:22 +0000},
	Title = {Kronecker coefficients for one hook shape},
	Url = {https://arxiv.org/abs/1209.2018},
	Year = {2012},
	Bdsk-Url-1 = {https://arxiv.org/abs/1209.2018}}

@article{Lit56,
	Author = {Littlewood, D.E.},
	Date-Added = {2016-10-29 10:10:37 +0000},
	Date-Modified = {2019-03-31 20:35:55 +0000},
	Journal = {J. London Math. Soc.},
	Number = {1},
	Pages = {89--93},
	Title = {The {K}ronecker product of symmetric group representations},
	Volume = {s1-31},
	Year = {1956}}

@article{GarRem85,
	Author = {Garsia, A.M. and Remmel, J.},
	Date-Added = {2016-10-29 09:46:30 +0000},
	Date-Modified = {2019-03-31 20:34:11 +0000},
	Journal = {Graphs and Combinatorics},
	Pages = {217--263},
	Title = {Shuffles of permutations and the {K}ronecker product},
	Volume = {1},
	Year = {1985}}

@article{Nor79,
	Author = {Norton, P.N.},
	Date-Added = {2016-10-29 09:45:28 +0000},
	Date-Modified = {2019-03-31 20:37:34 +0000},
	Journal = {J. Austral. Math. Soc. Ser A},
	Pages = {337--357},
	Title = {0-{H}ecke algebras},
	Volume = {27},
	Year = {1979}}

@article{Car86,
	Author = {Carter, R.W.},
	Date-Added = {2016-10-29 09:44:12 +0000},
	Date-Modified = {2019-03-31 20:32:30 +0000},
	Journal = {Journal of Algebra},
	Pages = {89--103},
	Title = {Representation theory of the 0-{H}ecke algebra},
	Volume = {104},
	Year = {1986}}

@phdthesis{Moy12,
	Author = {Moynihan, M.},
	Date-Added = {2016-10-29 09:42:37 +0000},
	Date-Modified = {2019-03-31 20:37:26 +0000},
	School = {Brandeis University},
	Title = {The flag descent algebra and the colored eulerian descent algebra},
	Year = {2012}}

@article{GarReu89,
	Author = {Garsia, A. and Reutenauer, C.},
	Date-Added = {2016-10-29 09:35:10 +0000},
	Date-Modified = {2019-03-31 20:34:24 +0000},
	Journal = {Advances in mathematics},
	Pages = {189--262},
	Title = {A decomposition of {S}olomon's descent algebra},
	Volume = {77},
	Year = {1989}}

@article{Sol76,
	Author = {Solomon, L.},
	Date-Added = {2016-10-29 09:19:51 +0000},
	Date-Modified = {2019-03-31 20:38:38 +0000},
	Journal = {Journal of Algebra},
	Pages = {255--264},
	Title = {A {M}ackey formula in the group ring of a {C}oxeter group},
	Volume = {41},
	Year = {1976}}

@book{Mac99,
	Author = {Macdonald, I.G.},
	Date-Modified = {2019-03-31 20:36:05 +0000},
	Publisher = {Oxford University Press},
	Title = {Symmetric functions and {H}all polynomials},
	Year = {1999},
	Bdsk-Url-1 = {https://www.google.com}}

@article{CarLec95,
	Author = {Carr{\'e}, C. and Leclerc, B.},
	Date-Added = {2016-10-29 09:19:51 +0000},
	Date-Modified = {2020-04-06 15:13:05 +0200},
	Journal = {Journal of Algebraic Combinatorics},
	Pages = {201--231},
	Title = {Splitting the square of a {S}chur function into its symmetric and antisymmetric parts},
	Volume = {4},
	Year = {1995}}

@misc{KheZha20,
	Author = {A. B. Khesin and A. L. Zhang},
	Date-Modified = {2020-11-30 20:05:11 +0100},
	Eprint = {arXiv:2007.11953v2},
	Title = {On Quasisymmetric Functions with Two Bordering Variables},
	Year = {2020}}
